@online{unit_disp,
   author = {Sandra Irish},
   journal = {FEMCI The Book, NASA GSFC},
   title = {Finite Element Model Validity Checks 1.A and 1.B},
   url = {https://femci.gsfc.nasa.gov/validitychecks/vc1.html},
   year = {2006},
}

@manual{nx_qrg,
   author={Siemens},
   publisher = {Siemens Product Lifecycle Management Software Inc.},
   title = {{Element Reference Library}},
   year = {2014},
}

@online{scat,
   author = {Andy Court},
   journal = {tno.nl},
   month = {1},
   title = {{ESA awards TNO with contract for in orbit demonstration of laser communication terminal for faster data transmission}},
   url = {https://www.tno.nl/en/about-tno/news/2021/1/esa-contract-iod-laser-communication-terminal/},
   year = {2021},
   addendum={(accessed: 2022-05-31)},
}

@inproceedings{fugro2,
   author = {J. Tegedor and O. {\O}rpen},
   city = {Sundvolden, Norway},
   journal = {Geodesi- og hydrografidagene},
   month = {11},
   publisher = {Geo Forum},
   title = {{High-Accuracy real-time positioning and timing on-board LEO satellites}},
   year = {2019},
}
@online{fugro1,
   title = {{Fugro Spacestar}},
   url = {https://www.fugro.com/about-fugro/our-expertise/innovations/spacestar#tabbed2},
}

@manual{ecss_struc,
   organization = {European Cooperation for Space Standardization},
   title = {{Spacecraft mechanical loads analysis handbook}},
   month = {02},
   year={2013},
   day={19},
}
@report{gevs,
   author = {Tristram T. Hyde and David F. Mitchell and Thomas V. McCarthy and Eric K. Isaac},
   city = {Greenbelt, Maryland},
   institution = {Goddard Space Flight Center (GSFC)},
   month = {4},
   title = {General Environment Verification Standards (GEVS) for GSFC Flight Programs and Projects},
   year = {2021},
}

@manual{parker,
   organization = {Parker Chomerics},
   title = {{Conductive Elastomer Engineering Handbook}},
   year = {2018},
}

@manual{sorbothane,
   organization = {Sorbothane Inc. },
   title = {{Sorbothane Engineering Design Guide}},
   url = {https://www.sorbothane.com/Data/Sites/31/pdfs/product-guides/Sorbothane-EDG.pdf},
   year = {2018},
}

@report{ata_random_vibe,
   author = {Andy Mouron},
   city = {San Diego, CA},
   institution = {ATA Engineering Inc.},
   month = {6},
   title = {{Structural Analysis of the SPIRE Assembly Adapter Plate (GHGSat Configuration)}},
   year = {2020},
   addendum="unpublished"
}

@manual{nasa7004c,
   author = {Michael G. Rychkewitsch},
   city = {Washington, DC},
   subtitle = {NASA-HDBK-7004C},
   month = {11},
   publisher = {National Aeronautics and Space Administration},
   title = {{Force Limited Vibration Testing}},
   year = {2012},
}

@incollection{vibe,
   author = {John Lamancusa},
   booktitle = {ME 458 Engineering Noise Control},
   publisher = {Pennsylvania State University},
   title = {Vibration Isolation},
   year = {2000},
   %howpublished={Online lecture notes},
   url={https://www.me.psu.edu/lamancusa/me458/12_vibration.pdf},
}

@incollection{randomvibespec,
   author = {Ryan Simmons and Bob Coladonato},
   journal = {FEMCI The Book},
   month = {8},
   title = {{Creating a Random Vibration Component Test Specification}},
   year = {1997},
   url={https://femci.gsfc.nasa.gov/random/randomtestspec.html},
}

@inproceedings{ns3,
    author = {Andreas-Nordmo Skauen and others},
   city = {Logan, Utah},
   booktitle = {33rd Annual AIAA/USU Conference on Small Satellites},
   month = {8},
   title = {{NorSat-3 - next generation Norwegian maritime surveillance}},
   year = {2019},
   }
@inproceedings{ns2,
   author = {Laura M. Bradbury and others},
   city = {Sorrento, Italy},
   booktitle = {The 4S Symposium 2018},
   title = {{Advanced Maritime Communication With A VHF Data Exchange System On The NorSat-2 Microsatellite}},
   year = {2018},
}
@inproceedings{ns1,
   author = {Payam Mehradinia and others},
   city = {Sorrento, Italy},
   booktitle = {The 4S Symposium 2018},
   title = {{Norsat-1: Commissioning and On-Orbit Performance of Norway's First Scientific Microsatellite}},
   year = {2018},
}
@online{norsat3,
   author = {Herbert J. Kramer},
   journal = {ESA Earth Observation Portal},
   title = {{NorSat-3 and NorSat-4 microsatellites}},
   url = {https://directory.eoportal.org/web/eoportal/satellite-missions/n/norsat-3-4},
   addendum={(accessed: 2022-03-06)},
}
@online{norsat12,
   author = {Herbert J. Kramer},
   journal = {ESA Earth Observation Portal},
   title = {{NorSat-1 and 2 microsatellites}},
   url = {https://directory.eoportal.org/web/eoportal/satellite-missions/content/-/article/norsat-1},
   addendum={(accessed: 2022-03-06)},
}
@unpublished{smallsats,
   author = {Robert E. Zee},
   city = {Toronto, Ontario},
   month = {9},
   title = {{Spacecraft Design and the Microspace Philosophy}},
   year = {2020},
   addendum={unpublished},
}
@manual{mlb_icd,
   organization ={Planetary Systems Corporation},
   city = {Silver Spring, Maryland},
   month = {7},
   %publisher = {Planetary Systems Corporation},
   title = {{2000785G MkII MLB User Manual}},
   year = {2018},
}
@manual{sx_rpug,
   %author={SpaceX},
   month = {9},
   organization = {SpaceX},
   title = {{Rideshare Payload User's Guide}},
   year = {2021},
}
@online{ais_satellites,
   journal = {Norwegian Space Agency},
   title = {{AIS Satellites}},
   url = {https://www.romsenter.no/eng/Norway-in-Space/Norway-s-Satellites},
   addendum={(accessed: 2022-03-06)},
}
@online{ais_norway,
   author = {Harald {\AA}sheim and Bj{\o}rnar Jon Kleppe},
   journal = {Norwegian Coastal Administration},
   title = {{AIS Norway}},
   url = {https://www.kystverket.no/en/navigation-and-monitoring/ais/ais-norge/#j_4160},
   addendum={(accessed: 2022-03-06)},
}
@inproceedings{ghgiaa,
   author = {Laura M. Bradbury and others},
   city = {Logan, UT},
   booktitle = {33rd AIAA/USU Conference On Small Satellites},
   month = {8},
   title = {{On Orbit Greenhouse Gas Emissions Monitoring with the GHGSat Constellation}},
   year = {2019},
}
@inproceedings{zeeastro,
   author = {Robert E. Zee},
   city = {Toronto},
   journal = {Astro},
   publisher = {CASI},
   title = {{Microsatellite Science and Technology Center: Canadaâ€™s Center for Microspace Innovation}},
   year = {2010},
}
@article{sciamachy,
   author = {H. Bovensmann and others},
   %doi = {10.1175/1520-0469(1999)056<0127:SMOAMM>2.0.CO;2},
   %issn = {0022-4928},
   issue = {2},
   journal = {Journal of the Atmospheric Sciences},
   month = {1},
   pages = {127-150},
   title = {{SCIAMACHY: Mission Objectives and Measurement Modes}},
   volume = {56},
   year = {1999},
}
@article{ghghistory,
   author = {M.D.H. Jones and A. Henderson-Sellers},
   %doi = {10.1177/030913339001400101},
   %issn = {0309-1333},
   issue = {1},
   journal = {Progress in Physical Geography: Earth and Environment},
   month = {3},
   pages = {1-18},
   title = {{History of the greenhouse effect}},
   volume = {14},
   year = {1990},
}
@online{gosat,
   journal = {ESA Earth Observation Portal},
   title = {{GOSAT (Greenhouse gases Observing Satellite) / Ibuki}},
   url = {https://earth.esa.int/web/eoportal/satellite-missions/g/gosat},
   addendum={(accessed: 2022-03-01)},
}
@online{oco2,
   journal = {ESA Earth Observation Portal},
   title = {{OCO-2 (Orbiting Carbon Observatory-2)}},
   url = {https://directory.eoportal.org/web/eoportal/satellite-missions/o/oco-2},
   addendum={(accessed: 2022-03-01)},
}

@report{ipcc,
   author = {V. Masson-Delmotte and others},
   institution = {IPCC},
   title = {{Global warming of 1.5\textcelsius. An IPCC Special Report on the impacts of global warming of 1.5\textcelsius above pre-industrial levels and related global greenhouse gas emission pathways, in the context of strengthening the global response to the threat of climate change, sustainable development, and efforts to eradicate poverty.}},
   year = {2018},
}

@online{fpspec,
   author = {--},
   journal = {University of Wisconsin-Madison, Department of Astronomy},
   month = {2},
   title = {Fabry-Perot Spectroscopy},
   url = {http://www.astro.wisc.edu/wham-site/description/fabry-perot-spectroscopy},
   year = {2022},
}

@article{marco,
   author = {Josh Schoolcraft and Andrew Klesh and Thomas Werne},
   city = {Cham},
   %doi = {10.1007/978-3-319-51941-8_10},
   journal = {Space Operations: Contributions from the Global Community},
   pages = {221-231},
   publisher = {Springer International Publishing},
   title = {{MarCO: Interplanetary Mission Development on a CubeSat Scale}},
   year = {2017},
}
@manual{syrlink_thm,
   author = {--},
   title = {Syrlinks EWC27 Thermal Model},
   year = {2020},
}
@online{fft1,
   author = {Steve Hanly},
   journal = {Endaq Blog},
   title = {{Vibration Analysis: FFT, PSD, and Spectrogram Basics}},
   url = {https://blog.endaq.com/vibration-analysis-fft-psd-and-spectrogram},
   year = {2016},
   addendum={(accessed: 2022-02-17)},
}
@online{unitload,
   author = {Sandra Irish},
   journal = {FEMCI The Book, NASA GSFC},
   month = {11},
   title = {Finite Element Model Validity Check 3.},
   url = {https://femci.gsfc.nasa.gov/validitychecks/vc3.html},
   year = {2006},
}
@online{free-free,
   author = {Jeffrey Bolognese},
   journal = {FEMCI The Book, NASA GSFC},
   month = {11},
   title = {{Finite Element Model Validity Check 2.}},
   url = {https://femci.gsfc.nasa.gov/validitychecks/vc2.html},
   year = {2006},
   addendum={(accessed: 2022-02-01)},
}
@online{instar_random_vibe,
   author = {Tom Sarafin and others},
   month = {7},
   title = {{Vibration Testing of Small Satellites}},
   organization = {Instar Engineering and Consulting Inc.},
   url = {http://www.instarengineering.com/resources.html},
   year = {2017},
   addendum={(accessed: 2022-02-17)},
}

@manual{rw_icd,
   author = {Doug Sinclair and Cordell Grant},
   city = {Toronto, Canada},
   month = {6},
   publisher = {Sinclair Interplanetary by Rocket Lab },
   title = {{Reaction Wheel 60 mNms RW-0.06 Interface Control Document}},
   year = {2021},
   addendum ={unpublished},
}

@manual{mlb,
   city = {Silver Springs, Maryland},
   month = {7},
   publisher = {Planetary Systems Corporation (Rocket Lab)},
   title = {2000785 MKII MLB User Manual},
   year = {2018},
}
@manual{tno_icd,
   author = {Will Crowcombe},
   month = {7},
   organization = {TNO Space Systems Engineering},
   title = {{SmallCAT on Norsat platform Interface Control Document (ICD)}},
   year = {2021},
   addendum={unpublished},
}
@report{rss_tolerance,
   author = {F Scholz},
   institution = {Boeing Information \& Support Services},
   month = {12},
   title = {{Tolerance Stack Analysis Methods}},
   year = {1995},
   %url={http://faculty.washington.edu/fscholz/Reports/isstech-95-030.pdf},
}
@online{mooreslaw,
   author = {Gordon E. Moore},
   journal = {Electronics, Volume 38, Number 8},
   month = {4},
   title = {{Cramming more components onto integrated circuits}},
   url = {https://newsroom.intel.com/wp-content/uploads/sites/11/2018/05/moores-law-electronics.pdf},
   year = {1965},
   addendum = "(accessed: 2022-01-12)",
}
@magazine_article{esd1,
   author = {D. Hoffpauir},
   journal = {The NESC 2016 Technical Update},
   title = {Understanding the Potential Dangers of Spacecraft Charging},
   year = {2016},
}
@report{esd,
   author = {J. F. Fennell and others},
   city = {El Segundo, CA},
   institution = {The Aerospace Corporation},
   month = {8},
   title = {{Spacecraft Charging: Observations and Relationships to Satellite Anomalies}},
   year = {2001},
}
@manual{partsinspection,
   city = {Toronto, ON},
   %organization = {University of Toronto},
   title = {{SFL-GEN-MEC-G002-1.0 Mechanical Parts Inspection Procedure}},
   year = {2021},
   location={Toronto, Canada},
   addendum={unpublished},
}
@inproceedings{Stibrany2000,
   author = {Peter Stibrany and Kieran A. Carroll},
   city = {Ottawa},
   booktitle = {ASTRO 2000 - 11th CASI Conference on Astronautics},
   month = {11},
   title = {{The Microspace Way in Canada}},
   year = {2000},
}
@online{Bonin2009,
   author = {Grant Bonin},
   journal = {The Space Review},
   month = {8},
   title = {{Microspace and Human Spaceflight}},
   url = {https://www.thespacereview.com/article/1441/1},
   year = {2009},
   addendum = "(accessed: 2021-12-28)",
}
@book{Wijker2008,
   author = {Jacob Job Wijker},
   city = {Berlin},
   publisher = {Springer-Verlag},
   title = {Spacecraft Structures},
   year = {2008},
}
@report{Chandrasekhar2014,
   author = {Prasanna Chandrasekhar and others},
   city = {Lincoln, Nebraska},
   institution = {University of Nebraska - Lincoln},
   title = {Variable-Emittance Infrared Electrochromic Skins Combining Unique Conducting Polymers, Ionic Liquid Electrolytes, Microporous Polymer Membranes, and Semiconductor/ Polymer Coatings,for Spacecraft Thermal Control},
   year = {2014},
}
@book{stc_v1,
   city = {El Segundo, California},
   publisher = {The Aerospace Corporation},
   title = {Spacecraft Thermal Control Handbook Vol I: Fundamental Technologies},
   year = {2002},
}
@report{Cotten2012,
   author = {Bradley Cotten},
   city = {Toronto},
   institution = {Space Flight Laboratory},
   title = {SFL Spacecraft Thermal Environments V1.0},
   year = {2012},
}
@report{brakeboer,
   author = {Brent Brakeboer},
   city = {Toronto},
   institution = {University of Toronto Space Flight Laboratory},
   month = {1},
   title = {GHGSat CDRStructual Design Document},
   year = {2014},
}
@online{sfl_platforms,
   month = {10},
   title = {{Products \& Services: Satellite Platforms}},
   url = {https://www.utias-sfl.net/?page_id=89},
   year = {2020},
   addendum={(accessed: 2021-11-10)},
}
@unpublished{Lifshits2020-2,
   author = {Jakob Lifshits and others},
   city = {Toronto, Ontario},
   institution = {Space Flight Laboratory},
   month = {9},
   title = {{NorSat-TD â€“ Attitude Determination and Control Subsystem Design}},
   year = {2020},
   addendum={unpublished},
}
@article{ghgdspectrometer,
   abstract = {text},
   author = {Dylan Jervis and others},
   issue = {3},
   journal = {Atmospheric Measurement Techniques},
   month = {3},
   title = {{The GHGSat-D imaging spectrometer}},
   volume = {14},
   year = {2021},
}
@book{smad,
   %author = {James Wertz and David F. Everett and Jeffrey J. Puschell},
   city = {Hawthrone, CA},
   editor = {James Wertz and David F. Everett and Jeffrey J. Puschell},
   publisher = {Microcosm Press},
   title = {{Space Mission Engineering: The New SMAD}},
   year = {2015},
}
@inproceedings{Martinez2019,
   author = {Javier Martinez Martinez and Dmytro Rafalskyi and Ane Aanesland},
   city = {Vienna, Austria},
   journal = {36th International Electric Propulsion Conference},
   title = {Development and Testing of the NPT30-I2 Iodine Ion Thruster},
   year = {2019},
}
@report{Bradbury2017,
   author = {Laura Bradbury},
   city = {Toronto, ON},
   institution = {Space Flight Laboratory},
   title = {GHGSat-C System Design Document},
   year = {2017},
}
@report{Lifshits2020,
   author = {Jakob Lifshits},
   city = {Toronto, ON},
   institution = {Space Flight Laboratory},
   title = {SFL-NORTD-SYS-D004-1.1 NorSat-TD System Design},
   year = {2020},
}
@online{esa-ais,
   author= {Herbert J. Kramer},
   journal = {ESA Earth Observation Portal},
   title = {AISSat-1 \& AISSAT-2 (Automatic Identification System Satellite) Nanosatellite Constellation},
   url = {https://eoportal.org/web/eoportal/satellite-missions/a/aissat-1-2},
   addendum={(accessed: 2021-09-07)},
}
@online{esa-nemo-am,
    author = {Herbert J. Kramer},
   journal = {ESA Earth Observation Portal},
   title = {{NEMO-AM} ({Nanosatellite for Earth Monitoring and Observation-Aerosol Monitoring})},
   url = {https://earth.esa.int/web/eoportal/satellite-missions/n/nemo-am},
   addendum={(accessed: 2021-09-07)},
}
@report{DelPozzo2019,
   author = {Stephanie DelPozzo and Caleb Williams},
   city = {Atlanta, GA},
   title = {{2019 Nano/Microsatellite Market Forecast, 9th Edition}},
   year = {2019},
}
@report{DelPozzo2020,
   author = {Stephanie DelPozzo and Caleb Williams},
   city = {Atlanta, GA},
   title = {{2020 Nano/ Microsatellite Market Forecast, 10th Edition}},
   year = {2020},
}
