@book{Wertz2015,
   author = {James Wertz and David F. Everett and Jeffrey J. Puschell},
   city = {Hawthrone, CA},
   editor = {James Wertz and David F. Everett and Jeffrey J. Puschell},
   publisher = {Microcosm Press},
   title = {Space Mission Engineering: The New SMAD},
   year = {2015},
}
@inproceedings{Martinez2019,
   author = {Javier Martinez Martinez and Dmytro Rafalskyi and Ane Aanesland},
   city = {Vienna, Austria},
   journal = {36th International Electric Propulsion Conference},
   title = {Development and Testing of the NPT30-I2 Iodine Ion Thruster},
   year = {2019},
}
@report{Bradbury2017,
   author = {Laura Bradbury},
   city = {Toronto, ON},
   institution = {Space Flight Laboratory},
   title = {GHGSat-C System Design Document},
   year = {2017},
}
@report{Lifshits2020,
   author = {Jakob Lifshits},
   city = {Toronto, ON},
   institution = {Space Flight Laboratory},
   title = {SFL-NORTD-SYS-D004-1.1 NorSat-TD System Design},
   year = {2020},
}
@web_page{,
   journal = {ESA Earth Observation Portal},
   title = {AISSat-1 & AISSAT-2 (Automatic Identification System Satellite) Nanosatellite Constellation},
   url = {https://eoportal.org/web/eoportal/satellite-missions/a/aissat-1-2},
}
@web_page{,
   journal = {ESA Earth Observation Portal},
   title = {NEMO-AM (Nanosatellite for Earth Monitoring and Observation-Aerosol Monitoring)},
   url = {https://earth.esa.int/web/eoportal/satellite-missions/n/nemo-am},
}
@report{DelPozzo2019,
   author = {Stephanie DelPozzo and Caleb Williams},
   city = {Atlanta, GA},
   title = {2019 Nano/Microsatellite Market Forecast, 9th Edition},
   year = {2019},
}
@report{DelPozzo2020,
   author = {Stephanie DelPozzo and Caleb Williams},
   city = {Atlanta, GA},
   title = {2020 Nano/Microsatellite market Foreacst, 10th Edition},
   year = {2020},
}
