
@misc{noauthor_ais_nodate,
	title = {{AIS} transponders},
	url = {https://www.imo.org/en/OurWork/Safety/Pages/AIS.aspx},
	urldate = {2023-03-26},
	file = {Snapshot:C\:\\Users\\wfarmer\\Zotero\\storage\\UUSNBBS4\\AIS.html:text/html},
}
